@unpublished{ybaehn,
  title={Mathematical Aspects of Classical Mechanics},
  author={Yannis Baehni},
  note={Semester Thesis},
  url={https://github.com/TheGeekGreek/mathematical_aspects_of_classical_mechanics},
  year={2019}
}

@book{lee1,
	title={Introduction to Smooth Manifolds},
	subtitle = {second edition edn.},
	author = {Lee, J.M.},
	year = {2013},
	publisher = {Springer}
}

@book{salamon,
	title={Introduction to Symplectic Topology},
	subtitle = {third edition edn.},
	author = {McDuff, D., Salamon, D.},
	year = {2017},
	publisher = {Oxford University Press}
}

@book{lee2,
	title={Introduction to Riemannian Manifolds},
	subtitle = {second edition edn.},
	author = {Lee, J.M.},
	year = {2018},
	publisher = {Springer}
}

@misc{ana,
	title={Lectures on Symplectic Geometry},
	subtitle = {corrected 2nd printing edn.},
	author = {da Silva, A.C.},
	year = {2008},
	publisher = {Springer}
}


% 